[gd_scene load_steps=8 format=2]

[ext_resource path="res://scenes/bootsplash/bootsplash.gd" type="Script" id=1]
[ext_resource path="res://scenes/bootsplash/lalaband.png" type="Texture" id=2]
[ext_resource path="res://scenes/bootsplash/la la land.ogv" type="VideoStream" id=3]
[ext_resource path="res://assets/fonts/Neon.ttf" type="DynamicFontData" id=4]
[ext_resource path="res://logo.png" type="Texture" id=5]

[sub_resource type="Animation" id=1]

resource_name = "boot"
length = 7.0
loop = false
step = 0.01
tracks/0/type = "value"
tracks/0/path = NodePath("MarginContainer/lalaband:visible")
tracks/0/interp = 1
tracks/0/loop_wrap = true
tracks/0/imported = false
tracks/0/enabled = true
tracks/0/keys = {
"times": PoolRealArray( 0, 3.46 ),
"transitions": PoolRealArray( 1, 1 ),
"update": 1,
"values": [ true, false ]
}
tracks/1/type = "value"
tracks/1/path = NodePath("Label:visible")
tracks/1/interp = 1
tracks/1/loop_wrap = true
tracks/1/imported = false
tracks/1/enabled = true
tracks/1/keys = {
"times": PoolRealArray( 0, 3.36 ),
"transitions": PoolRealArray( 1, 1 ),
"update": 1,
"values": [ false, true ]
}
tracks/2/type = "value"
tracks/2/path = NodePath("MarginContainer/VideoPlayer:self_modulate")
tracks/2/interp = 1
tracks/2/loop_wrap = true
tracks/2/imported = false
tracks/2/enabled = true
tracks/2/keys = {
"times": PoolRealArray( 0, 3.01, 3.36 ),
"transitions": PoolRealArray( 1, 1, 1 ),
"update": 0,
"values": [ Color( 1, 1, 1, 1 ), Color( 1, 1, 1, 1 ), Color( 1, 1, 1, 0 ) ]
}
tracks/3/type = "value"
tracks/3/path = NodePath("Label:self_modulate")
tracks/3/interp = 1
tracks/3/loop_wrap = true
tracks/3/imported = false
tracks/3/enabled = true
tracks/3/keys = {
"times": PoolRealArray( 3.36, 3.76, 4.6, 5.02 ),
"transitions": PoolRealArray( 1, 1, 1, 1 ),
"update": 0,
"values": [ Color( 1, 1, 1, 0 ), Color( 1, 1, 1, 1 ), Color( 1, 1, 1, 1 ), Color( 1, 1, 1, 0 ) ]
}
tracks/4/type = "value"
tracks/4/path = NodePath("game_logo:visible")
tracks/4/interp = 1
tracks/4/loop_wrap = true
tracks/4/imported = false
tracks/4/enabled = true
tracks/4/keys = {
"times": PoolRealArray( 0, 5.02 ),
"transitions": PoolRealArray( 1, 1 ),
"update": 1,
"values": [ false, true ]
}
tracks/5/type = "value"
tracks/5/path = NodePath("game_logo:self_modulate")
tracks/5/interp = 1
tracks/5/loop_wrap = true
tracks/5/imported = false
tracks/5/enabled = true
tracks/5/keys = {
"times": PoolRealArray( 5.02, 5.54, 6.35, 6.66 ),
"transitions": PoolRealArray( 1, 1, 1, 1 ),
"update": 0,
"values": [ Color( 1, 1, 1, 0 ), Color( 1, 1, 1, 1 ), Color( 1, 1, 1, 1 ), Color( 1, 1, 1, 0 ) ]
}
tracks/6/type = "value"
tracks/6/path = NodePath(".:modulate")
tracks/6/interp = 1
tracks/6/loop_wrap = true
tracks/6/imported = false
tracks/6/enabled = true
tracks/6/keys = {
"times": PoolRealArray( 0, 6.66, 6.97 ),
"transitions": PoolRealArray( 1, 0.25, 1 ),
"update": 0,
"values": [ Color( 1, 1, 1, 1 ), Color( 1, 1, 1, 1 ), Color( 1, 1, 1, 0 ) ]
}

[sub_resource type="DynamicFont" id=2]

size = 50
use_mipmaps = false
use_filter = true
font_data = ExtResource( 4 )
_sections_unfolded = [ "Font", "Settings" ]

[node name="Bootsplash" type="Control" index="0"]

modulate = Color( 1, 1, 1, 0.765853 )
anchor_left = 0.0
anchor_top = 0.0
anchor_right = 1.0
anchor_bottom = 1.0
rect_pivot_offset = Vector2( 0, 0 )
rect_clip_content = false
mouse_filter = 0
mouse_default_cursor_shape = 0
size_flags_horizontal = 1
size_flags_vertical = 1
script = ExtResource( 1 )
_sections_unfolded = [ "Visibility" ]

[node name="AnimationPlayer" type="AnimationPlayer" parent="." index="0"]

root_node = NodePath("..")
autoplay = "boot"
playback_process_mode = 1
playback_default_blend_time = 0.0
playback_speed = 1.0
anims/boot = SubResource( 1 )
blend_times = [  ]
_sections_unfolded = [ "Playback Options" ]

[node name="background" type="ColorRect" parent="." index="1"]

anchor_left = 0.0
anchor_top = 0.0
anchor_right = 1.0
anchor_bottom = 1.0
rect_pivot_offset = Vector2( 0, 0 )
rect_clip_content = false
mouse_filter = 0
mouse_default_cursor_shape = 0
size_flags_horizontal = 1
size_flags_vertical = 1
color = Color( 0, 0, 0, 1 )
_sections_unfolded = [ "Visibility" ]

[node name="MarginContainer" type="MarginContainer" parent="." index="2"]

anchor_left = 0.0
anchor_top = 0.0
anchor_right = 1.0
anchor_bottom = 1.0
rect_pivot_offset = Vector2( 0, 0 )
rect_clip_content = false
mouse_filter = 0
mouse_default_cursor_shape = 0
size_flags_horizontal = 1
size_flags_vertical = 1
custom_constants/margin_right = 25
custom_constants/margin_top = 100
custom_constants/margin_left = 25
custom_constants/margin_bottom = 100
_sections_unfolded = [ "custom_constants" ]

[node name="lalaband" type="TextureRect" parent="MarginContainer" index="0"]

visible = false
self_modulate = Color( 1, 1, 1, 0 )
anchor_left = 0.0
anchor_top = 0.0
anchor_right = 0.0
anchor_bottom = 0.0
margin_left = 25.0
margin_top = 100.0
margin_right = 515.0
margin_bottom = 860.0
rect_pivot_offset = Vector2( 0, 0 )
rect_clip_content = false
mouse_filter = 1
mouse_default_cursor_shape = 0
size_flags_horizontal = 1
size_flags_vertical = 1
texture = ExtResource( 2 )
expand = true
stretch_mode = 6
_sections_unfolded = [ "Visibility" ]

[node name="VideoPlayer" type="VideoPlayer" parent="MarginContainer" index="1"]

self_modulate = Color( 1, 1, 1, 0 )
anchor_left = 0.0
anchor_top = 0.0
anchor_right = 0.0
anchor_bottom = 0.0
margin_left = 25.0
margin_top = 100.0
margin_right = 515.0
margin_bottom = 860.0
rect_pivot_offset = Vector2( 0, 0 )
rect_clip_content = false
mouse_filter = 0
mouse_default_cursor_shape = 0
size_flags_horizontal = 1
size_flags_vertical = 1
audio_track = 0
stream = ExtResource( 3 )
volume_db = 0.0
autoplay = true
paused = false
expand = true
buffering_msec = 500
bus = "Master"
_sections_unfolded = [ "Visibility" ]

[node name="Label" type="Label" parent="." index="3"]

self_modulate = Color( 1, 1, 1, 0 )
anchor_left = 0.0
anchor_top = 0.0
anchor_right = 1.0
anchor_bottom = 1.0
rect_pivot_offset = Vector2( 0, 0 )
rect_clip_content = false
mouse_filter = 2
mouse_default_cursor_shape = 0
size_flags_horizontal = 1
size_flags_vertical = 4
custom_fonts/font = SubResource( 2 )
text = "presents"
align = 1
valign = 1
percent_visible = 1.0
lines_skipped = 0
max_lines_visible = -1
_sections_unfolded = [ "Visibility", "custom_fonts" ]

[node name="game_logo" type="TextureRect" parent="." index="4"]

self_modulate = Color( 1, 1, 1, 0 )
anchor_left = 0.0
anchor_top = 0.0
anchor_right = 1.0
anchor_bottom = 1.0
rect_pivot_offset = Vector2( 0, 0 )
rect_clip_content = false
mouse_filter = 1
mouse_default_cursor_shape = 0
size_flags_horizontal = 1
size_flags_vertical = 1
texture = ExtResource( 5 )
expand = true
stretch_mode = 6
_sections_unfolded = [ "Visibility" ]

[connection signal="animation_finished" from="AnimationPlayer" to="." method="_on_AnimationPlayer_animation_finished"]


